<record><leader>00000cas a2200000 a 4500</leader><controlfield tag="001">12703758</controlfield><controlfield tag="008">851022d18941897ksuwr ne      0    0eng d</controlfield><datafield ind1=" " ind2=" " tag="010"><subfield code="a">sn 85032729 </subfield></datafield><datafield ind1=" " ind2=" " tag="040"><subfield code="a">KSH</subfield><subfield code="b">eng</subfield><subfield code="c">KSH</subfield><subfield code="d">NPT</subfield><subfield code="d">OCL</subfield><subfield code="d">OCLCQ</subfield></datafield><datafield ind1=" " ind2=" " tag="042"><subfield code="a">msc</subfield></datafield><datafield ind1="0" ind2="4" tag="245"><subfield code="a">The Caldwell weekly advance.</subfield></datafield><datafield ind1=" " ind2=" " tag="260"><subfield code="a">Caldwell, Kan. :</subfield><subfield code="b">J.E. Wells,</subfield><subfield code="c">1894-1897.</subfield></datafield><datafield ind1=" " ind2=" " tag="300"><subfield code="a">4 v. :</subfield><subfield code="b">ill. ;</subfield><subfield code="c">58 cm.</subfield></datafield><datafield ind1=" " ind2=" " tag="310"><subfield code="a">Weekly</subfield></datafield><datafield ind1="0" ind2=" " tag="362"><subfield code="a">Vol. 15, no. 38 (Mar. 22 [i.e. 1])-v. 19, no. 32 (Dec. 30, 1897).</subfield></datafield><datafield ind1=" " ind2=" " tag="752"><subfield code="a">United States</subfield><subfield code="b">Kansas</subfield><subfield code="c">Sumner</subfield><subfield code="d">Caldwell.</subfield></datafield><datafield ind1="0" ind2="0" tag="780"><subfield code="t">Caldwell journal</subfield><subfield code="w">(DLC)sn 85032728</subfield></datafield><datafield ind1="0" ind2="0" tag="785"><subfield code="t">Caldwell advance</subfield><subfield code="w">(DLC)sn 85032730</subfield></datafield><datafield ind1="1" ind2=" " tag="029"><subfield code="a">AU@</subfield><subfield code="b">000022166873</subfield></datafield></record>